%%% ====================================================================
%%%  BibTeX-file{
%%%     author          = "Gerry Murray",
%%%     version         = "1.2",
%%%     date            = "2 April 2012",
%%%     filename        = "acmsmall-sample-bibfile.bib",
%%%     address         = "ACM, NY",
%%%     email           = "murray at hq.acm.org",
%%%     codetable       = "ISO/ASCII",
%%%     keywords        = "ACM Reference Format, bibliography, citation, references",
%%%     supported       = "yes",
%%%     docstring       = "This BibTeX database file contains 'bibdata' entries
%%%                        that 'match' the examples provided in the Specifications Document
%%%                        AND, also, 'legacy'-type bibs. It should assist authors in 
%%%                        choosing the 'correct' at-bibtype and necessary bib-fields
%%%                        so as to obtain the appropriate ACM Reference Format output. 
%%%			   It also contains many 'Standard Abbreviations'. "
%%%  }
%%% ====================================================================

% Journals

% First the Full Name is given, then the abbreviation used in the AMS Math
% Reviews, with an indication if it could not be found there.
% Note the 2nd overwrites the 1st, so swap them if you want the full name.


%Entries


% http://www.anneschuth.nl/wp-content/uploads/2013/09/cikm-livinglab-2013-lerot.pdf

@inproceedings{yue2009interactively,
  title={Interactively optimizing information retrieval systems as a dueling bandits problem},
  author={Yue, Yisong and Joachims, Thorsten},
  booktitle={Proceedings of the 26th Annual International Conference on Machine Learning},
  pages={1201--1208},
  year={2009},
  organization={ACM}
}

@inproceedings{zhao2016constructing,
  title={Constructing Reliable Gradient Exploration for Online Learning to Rank},
  author={Zhao, Tong and King, Irwin},
  booktitle={Proceedings of the 25th ACM International on Conference on Information and Knowledge Management},
  pages={1643--1652},
  year={2016},
  organization={ACM}
}

@inproceedings{schuth2016multileave,
  title={Multileave gradient descent for fast online learning to rank},
  author={Schuth, Anne and Oosterhuis, Harrie and Whiteson, Shimon and de Rijke, Maarten},
  booktitle={Proceedings of the Ninth ACM International Conference on Web Search and Data Mining},
  pages={457--466},
  year={2016},
  organization={ACM}
}

@inproceedings{grotov2016online,
  title={Online Learning to Rank for Information Retrieval: SIGIR 2016 Tutorial},
  author={Grotov, Artem and de Rijke, Maarten},
  booktitle={Proceedings of the 39th International ACM SIGIR conference on Research and Development in Information Retrieval},
  pages={1215--1218},
  year={2016},
  organization={ACM}
}

@inproceedings{schuth2013lerot,
  title={Lerot: An online learning to rank framework},
  author={Schuth, Anne and Hofmann, Katja and Whiteson, Shimon and de Rijke, Maarten},
  booktitle={Proceedings of the 2013 workshop on Living labs for information retrieval evaluation},
  pages={23--26},
  year={2013},
  organization={ACM}
}